@inproceeding{liu2020spatiotemporal,
    title = {Spatiotemporal Relationship Reasoning for Pedestrian Intent Prediction},
    author={Bingbin Liu and Ehsan Adeli and Zhangjie Cao and Kuan-Hui Lee and Abhijeet Shenoi and Adrien Gaidon and Juan Carlos Niebles},
    year={2020},
    booktitle={IEEE Robotics and Automation Letters (IEEE RA-L) and International Conference on Robotics and Automation (ICRA)},
    publisher={IEEE}
}

@online{PedestrianIP,
    title = {Pedestrian Intention Prediction (original work)},
    author={Haziq Razali, Alexandre Alahi},
    year={2019},
    url = {"https://github.com/lucyze/Pedestrian-Intention-Prediction"},
}

@online{GCNN,
    title = {"graph-convolutional-networks"},
    author = {"THOMAS KIPF"},
    url = {"https://tkipf.github.io/graph-convolutional-networks/"}
}


@online{MultiTaskPIP,
    title = {"Pedestrian Intention Prediction: A Multi-task Perspective"},
    author = {"Smail Ait Bouhsain, Saeed Saadatnejad, Alexandre Alahi"},
    url = {"https://arxiv.org/abs/2010.10270#:~:text=In%20order%20to%20be%20globally,guarantee%20the%20safety%20of%20pedestrians.&text=It%20has%20one%20head%20that,visual%20states%20of%20the%20pedestrian."}
}
